@ARTICLE{ana, 
author={Bouabene, G. and Jelger, C. and Tschudin, C. and Schmid, S. and Keller, A. and May, M.}, 
journal={Selected Areas in Communications, IEEE Journal on}, title={The autonomic network architecture (ANA)}, 
year={2010}, 
month={january }, 
volume={28}, 
number={1}, 
pages={4 -14}, 
keywords={Internet technology;autonomic communication principles;autonomic network architecture;autonomous formation;continously changing environment;core requirement;diverse networking protocols;diverse networking styles;generic abstractions;host clean slate network designs;information dispatch points;networking environment run time;node parametrization networks;protocols sense;structured framework;support network heterogeneity;fault tolerant computing;protocols;}, 
doi={10.1109/JSAC.2010.100102}, 
ISSN={0733-8716},}

@INPROCEEDINGS{reconfigurableNodesForFutureNetworks, 
author={Keller, A. and Plattner, B. and Luebbers, E. and Platzner, M. and Plessl, C.}, 
booktitle={GLOBECOM Workshops (GC Wkshps), 2010 IEEE}, title={Reconfigurable nodes for future networks}, 
year={2010}, 
month={dec.}, 
volume={}, 
number={}, 
pages={357 -361}, 
keywords={Internet architecture;adaptive networking;flexible node architecture;hardware acceleration;modular blocks;networking functionality;networking node architecture;optimal service;reconfigurable hardware-software platform;reconfigurable nodes;reconfiguration-aware communication mechanisms;software-based prototypes;Internet;}, 
doi={10.1109/GLOCOMW.2010.5700341}, 
ISSN={},}

@article{reconos,
 author = {L\"{u}bbers, Enno and Platzner, Marco},
 title = {ReconOS: Multithreaded programming for reconfigurable computers},
 journal = {ACM Trans. Embed. Comput. Syst.},
 issue_date = {October 2009},
 volume = {9},
 number = {1},
 month = oct,
 year = {2009},
 issn = {1539-9087},
 pages = {8:1--8:33},
 articleno = {8},
 numpages = {33},
 url = {http://doi.acm.org/10.1145/1596532.1596540},
 doi = {10.1145/1596532.1596540},
 acmid = {1596540},
 publisher = {ACM},
 address = {New York, NY, USA},
 keywords = {Reconfigurable computing, multithreading, operating systems},
} 